% 23178279 
@Article{pmid23178279,
   Author="Robertson, S.  and Hapgood, J. P.  and Louw, A. ",
   Title="{{G}lucocorticoid receptor concentration and the ability to dimerize influence nuclear translocation and distribution}",
   Journal="Steroids",
   Year="2013",
   Volume="78",
   Number="2",
   Pages="182--194",
   Month="Feb"
}

% 9880517 
@Article{pmid9880517,
   Author="Hach\'{e}, R. J.  and Tse, R.  and Reich, T.  and Savory, J. G.  and Lefebvre, Y. A.",
   Title="{{N}ucleocytoplasmic trafficking of steroid-free glucocorticoid receptor}",
   Journal="J. Biol. Chem.",
   Year="1999",
   Volume="274",
   Number="3",
   Pages="1432--1439",
   Month="Jan"
}


% 11260495 
@Article{pmid11260495,
   Author="Ohgishi, M.  and Oka, A.  and Morelli, G.  and Ruberti, I.  and Aoyama, T. ",
   Title="{{N}egative autoregulation of the {A}rabidopsis homeobox gene {A}{T}{H}{B}-2}",
   Journal="Plant J.",
   Year="2001",
   Volume="25",
   Number="4",
   Pages="389--398",
   Month="Feb"
}

% 21206491 - mRNA decay measurements
@Article{pmid21206491,
   Author="Miller, C.  and Schwalb, B.  and Maier, K.  and Schulz, D.  and Dumcke, S.  and Zacher, B.  and Mayer, A.  and Sydow, J.  and Marcinowski, L.  and Dolken, L.  and Martin, D. E.  and Tresch, A.  and Cramer, P. ",
   Title="{{D}ynamic transcriptome analysis measures rates of m{R}{N}{A} synthesis and decay in yeast}",
   Journal="Mol. Syst. Biol.",
   Year="2011",
   Volume="7",
   Pages="458",
   Month="Jan"
}
